@string{CG_SIGGRAPH = "Comput. Graph. (Proc. SIGGRAPH)"}
@string{SIGGRAPH93_01 = "SIGGRAPH"}
@string{TOG_SIGGRAPH = "ACM Trans. Graph. (Proc. SIGGRAPH)"}
@string{GI = "Graphics Interface"}

@article{Kajiya:1986:RE,
    author = {Kajiya, James T.},
    title = {The Rendering Equation},
    journal = CG_SIGGRAPH,
    volume = {20},
    number = {4},
    year = {1986},
    pages = {143--150},
    numpages = {8},
    publisher = {ACM}
}

@inproceedings{Shirley:1991:RTF,
    title = {A ray tracing framework for global illumination systems},
    author = {Shirley, Peter and Sung, Kelvin and Brown, William},
    booktitle = GI,
    volume = {91},
    pages = {117--128},
    year = {1991}
}

@inproceedings{Schroder:1993:OFF,
    title = {On the form factor between two polygons},
    author = {Schr{\"o}der, Peter and Hanrahan, Pat},
    booktitle = SIGGRAPH93_01,
    pages = {163--164},
    year = {1993}
}

@inproceedings{Smith:1995:PLS,
    title = {A pixel is not a little square, a pixel is not a little square, a pixel is not a little square!(and a voxel is not a little cube},
    author = {Smith, Alvy Ray},
    booktitle = {Technical Memo 6, Microsoft Research},
    year = {1995}
}

@inproceedings{Veach:1995:OCS,
    author = {Veach, Eric and Guibas, Leonidas J.},
    title = {Optimally Combining Sampling Techniques for {Monte Carlo} Rendering},
    booktitle = SIGGRAPH93_01,
    year = {1995},
    pages = {419--428}
}

@inproceedings{Ernst:2006:FIS,
    title = {Filter importance sampling},
    author = {Ernst, Manfred and Stamminger, Marc and Greiner, Gunther},
    booktitle = {Symposium on Interactive Ray Tracing},
    pages = {125--132},
    year = {2006}
}

@article{Heitz:2016:RPS,
    title = {Real-time polygonal-light shading with linearly transformed cosines},
    author = {Heitz, Eric and Dupuy, Jonathan and Hill, Stephen and Neubelt, David},
    journal = TOG_SIGGRAPH,
    volume = {35},
    number = {4},
    pages = {41:1--41:8},
    year = {2016},
    publisher = {ACM}
}
